@article{firedrakepaper,
  title={Firedrake: automating the finite element method by composing abstractions},
  author={Rathgeber, Florian and Ham, David A and Mitchell, Lawrence and Lange, Michael and Luporini, Fabio and McRae, Andrew TT and Bercea, Gheorghe-Teodor and Markall, Graham R and Kelly, Paul HJ},
  journal={ACM Transactions on Mathematical Software},
  volume={43},
  number={3},
  pages={1--27},
  year={2016},
  doi = {10.1145/2998441},
}

@misc{firedrakeweb,
  title = {Firedrake Website},
  author = {},
  howpublished = {\url{https://www.firedrakeproject.org/}},
  note = {Accessed: 2022-05-31}
}

@misc{firedrakewiki,
  title = {Firedrake wiki},
  author = {},
  howpublished = {\url{https://github.com/firedrakeproject/firedrake/wiki}},
  note = {Accessed: 2022-05-31}
}

@inproceedings{spackpaper,
address = {Austin, Texas, USA},
author = {Gamblin, Todd and LeGendre, Matthew and Collette, Michael R. and Lee, Gregory L. and Moody, Adam and de Supinski, Bronis R. and Futral, Scott},
doi = {10.1145/2807591.2807623},
month = {November 15-20},
note = {LLNL-CONF-669890},
series = {Supercomputing 2015 (SCâ€™15)},
title = {{The Spack Package Manager: Bringing Order to HPC Software Chaos}},
url = {https://github.com/spack/spack},
year = {2015}
}

@misc{spackweb,
  title = {Spack Website},
  author = {},
  howpublished = {\url{https://spack.io/}},
  note = {Accessed: 2022-05-31}
}

@misc{xSDK1,
  doi = {10.48550/ARXIV.1702.08425},
  url = {https://arxiv.org/abs/1702.08425},
  author = {Bartlett, Roscoe and Demeshko, Irina and Gamblin, Todd and Hammond, Glenn and Heroux, Michael and Johnson, Jeffrey and Klinvex, Alicia and Li, Xiaoye and McInnes, Lois Curfman and Moulton, J. David and Osei-Kuffuor, Daniel and Sarich, Jason and Smith, Barry and Willenbring, Jim and Yang, Ulrike Meier},
  keywords = {Mathematical Software (cs.MS), FOS: Computer and information sciences, FOS: Computer and information sciences, D.2.0; D.2.2; D.2.11},
  title = {xSDK Foundations: Toward an Extreme-scale Scientific Software Development Kit},
  publisher = {arXiv},
  year = {2017},
  copyright = {arXiv.org perpetual, non-exclusive license}
}

@misc{xSDK2,
title={Posters presented at {SIAM CSE17 PP108 M}inisymposterium: {S}oftware Productivity and Sustainability for {CSE} and Data Science},
url={https://figshare.com/collections/Posters_presented_at_SIAM_CSE17_PP108_Minisymposterium_Software_Productivity_and_Sustainability_for_CSE_and_Data_Science/3703771/4},
DOI={10.6084/m9.figshare.c.3703771.v4},
abstractNote={This is a collection of digital versions of the posters presented at the {SIAM CSE17 PP108 M}inisymposterium: {S}oftware Productivity and Sustainability for {CSE} and Data Science - http://meetings.siam.org/sess/dsp_programsess.cfm?SESSIONCODE=62022},
publisher={figshare},
author={Bernholdt, David E. and Heroux, Mike and Katz, Daniel S. and Logg, Anders and McInnes, Lois Curfman},
year={2017},
month={Feb}
}

@misc{archer2docs,
  title = {{ARCHER2} documentation},
  author = {},
  howpublished = {\url{https://docs.archer2.ac.uk/}},
  note = {Accessed: 2022-05-31}
}

@misc{archer2course,
  title = {{ARCHER2} container course material},
  author = {},
  howpublished = {\url{https://epcced.github.io/2020-12-08-Containers-Online/}},
  note = {Accessed: 2022-05-31}
}

@TechReport{petsc,
    author = {Satish Balay and Shrirang Abhyankar and Mark~F. Adams and Jed Brown and Peter Brune
    and Kris Buschelman and Lisandro Dalcin and Alp Dener and Victor Eijkhout and William~D. Gropp
    and Dmitry Karpeyev and Dinesh Kaushik and Matthew~G. Knepley and Dave~A. May and Lois Curfman McInnes
    and Richard Tran Mills and Todd Munson and Karl Rupp and Patrick Sanan
    and Barry~F. Smith and Stefano Zampini and Hong Zhang and Hong Zhang},
    title  = {{PETS}c Users Manual},
    institution = {Argonne National Laboratory},
    year   = 2021,
    number = {ANL-95/11 - Revision 3.15},
    url    = {https://www.mcs.anl.gov/petsc}
}

@inproceedings{spindlepaper,
  title={Massively parallel loading},
  author={Frings, Wolfgang and Ahn, Dong H and LeGendre, Matthew and Gamblin, Todd and de Supinski, Bronis R and Wolf, Felix},
  booktitle={Proceedings of the 27th international {ACM} conference on {I}nternational conference on supercomputing},
  pages={389--398},
  year={2013}
}

@misc{spindleweb,
  title = {Spindle Website},
  author = {},
  howpublished = {\url{https://computing.llnl.gov/projects/spindle}},
  note = {Accessed: 2022-05-31}
}

@misc{hackmdinstructionsweb,
  title = {{HackMD} working document for installing {F}iredrake with {S}pack on {ARCHER2}},
  author = {},
  howpublished = {\url{https://hackmd.io/Sg3fYXuCTl61d_LAg4QnMw?both}},
  note = {Accessed: 2022-05-31}
}

@misc{webweb,
  title = {Website},
  author = {},
  howpublished = {\url{http://}},
  note = {Accessed: }
}
